@article{zhongbao2003reply,
  title={Reply networks on a bulletin board system},
  author={Zhongbao, Kou and Changshui, Zhang},
  journal={Physical Review E},
  volume={67},
  number={3},
  pages={036117},
  year={2003},
  publisher={APS}
}